<record><leader>00000cas a22000001a 4500</leader><controlfield tag="001">32374186</controlfield><controlfield tag="007">hd afb018baca</controlfield><controlfield tag="007">hd bfb018baaa</controlfield><controlfield tag="008">950427d18621903nyucr nea     0    0eng d</controlfield><datafield ind1=" " ind2=" " tag="010"><subfield code="a">sn 94086986 </subfield></datafield><datafield ind1=" " ind2=" " tag="040"><subfield code="a">NN</subfield><subfield code="b">eng</subfield><subfield code="c">RQM</subfield><subfield code="d">OCL</subfield><subfield code="d">OCLCQ</subfield><subfield code="d">OCLCO</subfield><subfield code="d">OCLCQ</subfield></datafield><datafield ind1=" " ind2=" " tag="012"><subfield code="i">9504</subfield></datafield><datafield ind1=" " ind2=" " tag="042"><subfield code="a">msc</subfield></datafield><datafield ind1=" " ind2=" " tag="043"><subfield code="a">n-us-ny</subfield></datafield><datafield ind1="0" ind2=" " tag="130"><subfield code="a">Chatham courier (Chatham Four Corners, N.Y.)</subfield></datafield><datafield ind1="1" ind2="0" tag="245"><subfield code="a">Chatham courier.</subfield></datafield><datafield ind1="3" ind2="0" tag="246"><subfield code="a">Chatham semi=weekly courier</subfield></datafield><datafield ind1=" " ind2=" " tag="260"><subfield code="a">Chatham Four Corners, N.Y. :</subfield><subfield code="b">D. Sutherland,</subfield><subfield code="c">-1903.</subfield></datafield><datafield ind1=" " ind2=" " tag="300"><subfield code="a">42 volumes :</subfield><subfield code="b">illustrations (chiefly advertisements) ;</subfield><subfield code="c">71 cm</subfield></datafield><datafield ind1=" " ind2=" " tag="310"><subfield code="a">Semiweekly,</subfield><subfield code="b">Apr. 15-May 23, 1903</subfield></datafield><datafield ind1=" " ind2=" " tag="321"><subfield code="a">Weekly,</subfield><subfield code="b">&lt;Mar. 6, 1862&gt;-Mar. 28, 1888</subfield></datafield><datafield ind1=" " ind2=" " tag="321"><subfield code="a">Semiweekly,</subfield><subfield code="b">Apr. 4, 1888-Mar. 27, 1889</subfield></datafield><datafield ind1=" " ind2=" " tag="321"><subfield code="a">Weekly,</subfield><subfield code="b">Apr. 4, 1889-Apr. 8, 1903</subfield></datafield><datafield ind1=" " ind2=" " tag="336"><subfield code="a">text</subfield><subfield code="b">txt</subfield><subfield code="2">rdacontent</subfield></datafield><datafield ind1=" " ind2=" " tag="337"><subfield code="a">microform</subfield><subfield code="b">h</subfield><subfield code="2">rdamedia</subfield></datafield><datafield ind1=" " ind2=" " tag="338"><subfield code="a">microfilm reel</subfield><subfield code="b">hd</subfield><subfield code="2">rdacarrier</subfield></datafield><datafield ind1="1" ind2=" " tag="362"><subfield code="a">Began in 1862.</subfield></datafield><datafield ind1="0" ind2=" " tag="362"><subfield code="a">-v. 42, no. 14 (May 23, 1903).</subfield></datafield><datafield ind1=" " ind2=" " tag="500"><subfield code="a">Published as: Chatham semi=weekly courier, Apr. 4, 1888-Mar. 27, 1889.</subfield></datafield><datafield ind1=" " ind2=" " tag="500"><subfield code="a">Published a "Saturday (extra)--edition", &lt;Apr. 19, 1902-Jan. 17, 1903&gt;.</subfield></datafield><datafield ind1=" " ind2=" " tag="500"><subfield code="a">Published at Chatham Four Corners, N.Y., &lt;1862-1869&gt;; at Chatham Village, &lt;1871-1883&gt;; and Chatham, &lt;1884&gt;-1903.</subfield></datafield><datafield ind1=" " ind2=" " tag="500"><subfield code="a">Publishers: D. Sutherland, &lt;1862-1866&gt;; Charles B. Canfield, &lt;1869-1870&gt;; Charles B. Canfield &amp; J.H. Woolhiser, &lt;1871&gt;; Charles B. Canfield, &lt;1873&gt;-1875; William B. Howland, 1875-&lt;1879&gt;; J. Wallace Darrow, &lt;1883&gt;-1903.</subfield></datafield><datafield ind1=" " ind2=" " tag="500"><subfield code="a">Editor: William B. Howland, &lt;1876&gt;.</subfield></datafield><datafield ind1=" " ind2=" " tag="515"><subfield code="a">Suspended with Oct. 6, 1864 issue; resumed with Oct. 20, 1864 issue.</subfield></datafield><datafield ind1=" " ind2=" " tag="515"><subfield code="a">June 30, 1869 issue misdated June 23, 1869.</subfield></datafield><datafield ind1=" " ind2=" " tag="580"><subfield code="a">Daily eds.: Daily courier (Chatham Village, N.Y.), &lt;1876&gt;; Daily courier (Chatham, N.Y.), 1881.</subfield></datafield><datafield ind1=" " ind2=" " tag="580"><subfield code="a">Kinderhook ed.: Kinderhook courier, &lt;1900&gt;.</subfield></datafield><datafield ind1=" " ind2=" " tag="588"><subfield code="a">Description based on: Vol. 1, no. 8 (Mar. 6, 1862).</subfield></datafield><datafield ind1=" " ind2=" " tag="533"><subfield code="a">Microfilm.</subfield><subfield code="m">Apr. 4,1883-Mar. 17,1897.</subfield><subfield code="b">New York :</subfield><subfield code="c">New York Public Library,</subfield><subfield code="d">[19--].</subfield><subfield code="e">5 microfilm reels ; 35 mm.</subfield></datafield><datafield ind1=" " ind2="0" tag="651"><subfield code="a">Chatham (N.Y.)</subfield><subfield code="v">Newspapers.</subfield></datafield><datafield ind1=" " ind2="0" tag="651"><subfield code="a">Chatham Village (N.Y.)</subfield><subfield code="v">Newspapers.</subfield></datafield><datafield ind1=" " ind2="0" tag="651"><subfield code="a">Chatham Four Corners (N.Y.)</subfield><subfield code="v">Newspapers.</subfield></datafield><datafield ind1=" " ind2="0" tag="651"><subfield code="a">Columbia County (N.Y.)</subfield><subfield code="v">Newspapers.</subfield></datafield><datafield ind1=" " ind2=" " tag="752"><subfield code="a">United States</subfield><subfield code="b">New York</subfield><subfield code="c">Columbia</subfield><subfield code="d">Chatham.</subfield></datafield><datafield ind1=" " ind2=" " tag="752"><subfield code="a">United States</subfield><subfield code="b">New York</subfield><subfield code="c">Columbia</subfield><subfield code="d">Chatham Village.</subfield></datafield><datafield ind1=" " ind2=" " tag="752"><subfield code="a">United States</subfield><subfield code="b">New York</subfield><subfield code="c">Columbia</subfield><subfield code="d">Chatham Four Corners.</subfield></datafield><datafield ind1="1" ind2=" " tag="775"><subfield code="t">Daily courier (Chatham Village, N.Y.)</subfield></datafield><datafield ind1="1" ind2=" " tag="775"><subfield code="t">Daily courier (Chatham, N.Y.)</subfield></datafield><datafield ind1="1" ind2=" " tag="775"><subfield code="t">Kinderhook courier</subfield></datafield><datafield ind1="1" ind2=" " tag="776"><subfield code="c">Original</subfield><subfield code="w">(DLC)sn 83031284</subfield></datafield><datafield ind1="0" ind2="0" tag="785"><subfield code="t">Chatham semi-weekly courier</subfield></datafield><datafield ind1=" " ind2=" " tag="850"><subfield code="a">NN</subfield><subfield code="a">NN (master)</subfield></datafield><datafield ind1="1" ind2=" " tag="029"><subfield code="a">AU@</subfield><subfield code="b">000011685207</subfield></datafield></record>